
@misc{sitio,
    author = {Nelo Maestre y Ágata Timón},
    title = {Así terminó el sueño de las matemáticas infalibles (y de paso, nació la computación moderna)},
    year = {2018},
    howpublished = { URL {https://cutt.ly/1tRgWnl}},
    
}

@misc{sitio2,
    author = {Bibiana García Visos y Daniel Arias Mosquera},
    title = {Georg Cantor, el hombre que descubrió distintos infinitos},
    year = {2019},
    howpublished = { URL {https://www.bbvaopenmind.com/ciencia/matematicas/georg-cantor-el-hombre-que-descubrio-distintos-infinitos/}},
}

@misc{sitio3,
    author = {Wikipedia},
    title = {Georg Cantor},
    howpublished = { URL {https://cutt.ly/atRgIUk}},
}
@misc{sitio4,
    author = {Marcus du Sautoy},
    title = {Georg Cantor, el matemático que descubrió que hay muchos infinitos y no todos son del mismo tamaño},
    year= {2018},
    howpublished = { URL {https://www.bbc.com/mundo/noticias-45300219}},
}
@misc{sitio5,
    author = {Miguel Barral},
    title = {David Hilbert: el arquitecto de la matemática moderna},
    year= {2017},
    howpublished = { URL {https://www.bbvaopenmind.com/ciencia/matematicas/david-hilbert-el-arquitecto-de-la-matematica-moderna/}},
}

@misc{sitio6,
    author = {BBC Mundo},
    title = {Quién era Kurt Gödel, el hombre que caminaba con Albert Einstein (y al que comparan con Aristóteles)},
    year= {2018},
    howpublished = { URL {https://www.bbc.com/mundo/noticias-43568588}},
}

@misc{sitio7,
    author = {Derivando},
    title = {¿Qué es una máquina de Turing?},
    year = {2018},
    howpublished = { URL {https://cutt.ly/VtRgAlH}},
}


